% Encoding: UTF-8

@Book{Razavi2000,
  author    = {Behzad Razavi},
  title     = {Design of Analog CMOS Integrated Circuits},
  year      = {2000},
  publisher = {McGraw-Hill Education},
  isbn      = {978-0072380323},
}

@Comment{jabref-meta: databaseType:biblatex;}
