% Encoding: UTF-8


%literature survey

@INPROCEEDINGS{ls1,
  author={ {Linfeng Zheng} and  {Jianguo Zhu} and  {Guoxiu Wang}},
  booktitle={2016 IEEE Transportation Electrification Conference and Expo (ITEC)}, 
  title={A comparative study of battery balancing strategies for different battery operation processes}, 
  year={2016},
  volume={},
  number={},
  pages={1-5},
  doi={10.1109/ITEC.2016.7520204}}

@article{ls2,
author = {Omariba, Zachary and Zhang, Lijun and Sun, Dongbai},
year = {2019},
month = {09},
pages = {1-1},
title = {Review of Battery Cell Balancing Methodologies for Optimizing Battery Pack Performance in Electric Vehicles},
volume = {PP},
journal = {IEEE Access},
doi = {10.1109/ACCESS.2019.2940090}
}

@INPROCEEDINGS{ls3,
  author={ {Amin} and K. {Ismail} and A. {Nugroho} and S. {Kaleg}},
  booktitle={2017 International Conference on Sustainable Energy Engineering and Application (ICSEEA)}, 
  title={Passive balancing battery management system using MOSFET internal resistance as balancing resistor}, 
  year={2017},
  volume={},
  number={},
  pages={151-155},
  doi={10.1109/ICSEEA.2017.8267701}}
  
  @INPROCEEDINGS{ls4,
  author={C. {Kim} and M. {Kim} and Y. {Kim} and G. {Moon}},
  booktitle={8th International Conference on Power Electronics - ECCE Asia}, 
  title={A modularized charge equalizer using battery monitoring IC for series connected Li-Ion battery strings in an electric vehicle}, 
  year={2011},
  volume={},
  number={},
  pages={304-309},
  doi={10.1109/ICPE.2011.5944609}}
  
  @INPROCEEDINGS{ls5,
  author={X. {Wang} and H. {Zhang} and L. {Zhang} and J. {Zhang} and Y. {Hao}},
  booktitle={2014 12th IEEE International Conference on Solid-State and Integrated Circuit Technology (ICSICT)}, 
  title={A daisy-chain SPI interface in a battery voltage monitoring IC for electric vehicles}, 
  year={2014},
  volume={},
  number={},
  pages={1-3},
  doi={10.1109/ICSICT.2014.7021462}} 
  
  @INPROCEEDINGS{ls6,
  author={M. M. {Savrun} and T. {Köroğlu} and E. {Ünal} and B. {Onur} and M. U. {Cuma}},
  booktitle={2019 Electric Vehicles International Conference (EV)}, 
  title={Minimization of Battery Pack Imbalance of Electric Vehicles Using Optimized Balancing Parameters}, 
  year={2019},
  volume={},
  number={},
  pages={1-5},
  doi={10.1109/EV.2019.8893011}}
  
  @INPROCEEDINGS{ls7,
  author={B. {Erdoğan} and M. M. {Savrun} and T. {Köroğlu} and M. U. {Cuma} and M. {Tümay}},
  booktitle={2019 3rd International Symposium on Multidisciplinary Studies and Innovative Technologies (ISMSIT)}, 
  title={A Fast Simulation Model for Large Scale Battery Packs Used in Heavy Electric Vehicles}, 
  year={2019},
  volume={},
  number={},
  pages={1-5},
  doi={10.1109/ISMSIT.2019.8932831}}
  
  @INPROCEEDINGS{ls8,
  author={M. A. {Hannan} and M. M. {Hoque} and S. E. {Peng} and M. N. {Uddin}},
  booktitle={2016 IEEE Industry Applications Society Annual Meeting}, 
  title={Lithium-ion battery charge equalization algorithm for electric vehicle applications}, 
  year={2016},
  volume={},
  number={},
  pages={1-8},
  doi={10.1109/IAS.2016.7731846}}
   %end literarure survey
   
@Book{li-ion-overview,
  author    = {Reiner Korthauer},
  title     = {Lithium-Ion Batteries: Basics and Applications},
  year      = {2018},
  publisher = {Springer-Verlag Berlin Heidelberg},
  isbn      = {978-3-662-53069-6},
}

@article{Changhao,
    author =       "Changhao Piao and Zhaoguang Wang and Ju Cao and Wei Zhang and Sheng Lu",
    title =        "Lithium-Ion Battery Cell-Balancing Algorithm for Battery Management System Based on Real-Time Outlier Detection",
    journal =      "Mathematical Problems in Engineering",
    volume =       "2015",
    number =       "168529",
    pages =        "12",
    year =         "2015",
    DOI =          "https://doi.org/10.1155/2015/168529"
}

@INPROCEEDINGS{6043010,  

author={M. {Daowd} and N. {Omar} and P. {Van Den Bossche} and J. {Van Mierlo}}, 
booktitle={2011 IEEE Vehicle Power and Propulsion Conference},   
title={Passive and active battery balancing comparison based on MATLAB simulation},   
year={2011},  volume={},  number={},  pages={1-7},  doi={10.1109/VPPC.2011.6043010}}


@article{hemavathi,
author = {S, Hemavathi},
title = {Overview of cell balancing methods for Li-ion battery technology},
journal = {Energy Storage},
volume = {n/a},
number = {n/a},
pages = {e203},
doi = {https://doi.org/10.1002/est2.203},
url = {https://onlinelibrary.wiley.com/doi/abs/10.1002/est2.203},
eprint = {https://onlinelibrary.wiley.com/doi/pdf/10.1002/est2.203},
}

@techreport{wpbalcur,
     title = {White Paper - How much balancing current do you need?},
     author = {Davide Andrea},
     year = {2010},
     month = {02},
     url = {https://liionbms.com/php/wp_balance_current.php},
}

@incollection{HAUSER2015283,
title = "12 - Cell balancing, battery state estimation, and safety aspects of battery management systems for electric vehicles",
editor = "Bruno Scrosati and Jürgen Garche and Werner Tillmetz",
booktitle = "Advances in Battery Technologies for Electric Vehicles",
publisher = "Woodhead Publishing",
pages = "283 - 326",
year = "2015",
series = "Woodhead Publishing Series in Energy",
isbn = "978-1-78242-377-5",
doi = "https://doi.org/10.1016/B978-1-78242-377-5.00012-1",
url = "http://www.sciencedirect.com/science/article/pii/B9781782423775000121",
author = "A. Hauser and R. Kuhn",
keywords = "Battery management system, Lithium-ion battery, High-voltage, Functional ­safety, ISO 26262, Cell balancing, Battery state estimation, Electric vehicles, Embedded control, Automotive electronics, Electrical engineering.",
}

@techreport{uartrel,
     title = {UART Baud Rate: How Accurate Does It Need to Be?},
     author = {Robert Keim},
     year = {2017},
     month = {01},
     url = {https://www.allaboutcircuits.com/technical-articles/the-uart-baud-rate-clock-how-accurate-does-it-need-to-be/},
}


%datasheets cites

@manual{ti:pl455,
    organization  = "Texas Instruments",
    title         = "16-cell battery monitor with passive cell balancing",
    number        = "BQ76PL455A-Q1",
    year          =  2016,
    month         =  11,    
    note          = "Rev. C"
}
   
@manual{stm:halmanual,
    organization  = "STMicroelectronics",
    title         = "Description-of-stm32f1-hal-and-lowlayer-drivers",
    url = "https://www.st.com/resource/en/user_manual/dm00154093-description-of-stm32f1-hal-and-lowlayer-drivers-stmicroelectronics.pdf"
}

@manual{stm:bluepill,
    organization  = "STMicroelectronics",
    title         ="Datasheet of STM32F103C8T6",
    url = "https://pdf1.alldatasheet.com/datasheet-pdf/view/201596/STMICROELECTRONICS/STM32F103C8T6.html"
}

@manual{stm:cubemx,
    organization  = "STMicroelectronics",
    title         ="Data brief of STM32CubeMX",
    url = "https://www.st.com/resource/en/data_brief/stm32cubemx.pdf"
}


@manual{ti:pl455example,
    organization  = "Texas Instruments",
    title         = "bq76PL455A-Q1 Example Code",
    number        = "SLVA635",
    year          =  2015,
    month         =  09,    
}